@book{apostol1998introduction,
  title={Introduction to Analytic Number Theory},
  author={Apostol, T.M.},
  isbn={9780387901633},
  lccn={98164861},
  series={Undergraduate Texts in Mathematics},
  url={https://books.google.com.co/books?id=Il64dZELHEIC},
  year={1998},
  publisher={Springer New York}
}
@book{Apostol:105425,
      author        = "Apostol, Tom M",
      title         = "{Mathematical analysis; 2nd ed.}",
      publisher     = "Addison-Wesley",
      address       = "Reading, MA",
      series        = "Addison-Wesley series in mathematics",
      year          = "1974",
      url           = "https://cds.cern.ch/record/105425",
}
@misc{10554_54742,
        author = {},
        title = {The Riemann zeta function and tate's thesis},
        year = {2021-07-01},
        abstract = {La primera parte del documento abarca los temas clásicos sobre la función zeta de Riemann, principalmente lo que hoy en día se conoce como "Riemann's memoir". La segunda parte del documento da una introducción a la tesis de Tate, con todos los prerrequisitos analíticos necesarios para entenderla.},
        url = {http://hdl.handle.net/10554/54742}
        }